@Misc{मुंबई,
    title={\href{https://www.mumbailinguisticcircle.com/resources/}{छायालेखनाची नियमावली}},
    author={मुंबई विद्यापीठ},
    year={२०२०},
}